@article{buhai2014returns,
  title={Returns to tenure or seniority?},
  author={Buhai, I Sebastian and Portela, Miguel A and Teulings, Coen N and Van Vuuren, Aico},
  journal={Econometrica},
  volume={82},
  number={2},
  pages={705--730},
  year={2014},
  publisher={Wiley Online Library}
}

@article{silva2006log,
  title={The log of gravity},
  author={Silva, J.M.C. Santos and Tenreyro, Silvana},
  journal={The Review of Economics and Statistics},
  volume={88},
  number={4},
  pages={641--658},
  year={2006},
  publisher={MIT Press}
}

@article{wooldridge1999distribution,
  title={Distribution-free estimation of some nonlinear panel data models},
  author={Wooldridge, Jeffrey M.},
  journal={Journal of Econometrics},
  volume={90},
  number={1},
  pages={77--97},
  year={1999},
  publisher={Elsevier}
}

@article{vannoorenberghe2012firm,
  title={Firm-level volatility and exports},
  author={Vannoorenberghe, Gonzague},
  journal={Journal of International Economics},
  volume={86},
  number={1},
  pages={57--67},
  year={2012},
  publisher={Elsevier}
}

@article{melitz2003impact,
  title={The impact of trade on intra-industry reallocations and aggregate industry productivity},
  author={Melitz, Marc J.},
  journal={Econometrica},
  volume={71},
  number={6},
  pages={1695--1725},
  year={2003},
  publisher={Wiley Online Library}
}


@article{krugman1980scale,
  title={Scale economies, product differentiation, and the pattern of trade},
  author={Krugman, Paul},
  journal={The American Economic Review},
  volume={70},
  number={5},
  pages={950--959},
  year={1980},
  publisher={JSTOR}
}


@article{krugman1979increasing,
  title={Increasing returns, monopolistic competition, and international trade},
  author={Krugman, Paul},
  journal={Journal of International Economics},
  volume={9},
  number={4},
  pages={469--479},
  year={1979},
  publisher={Elsevier}
}


@article{esteves2018does,
  title={Does export concentration matter in economic adjustment programs? {Evidence} from the euro-area},
  author={Esteves, Paulo Soares and Prades, Elvira},
  journal={Journal of Policy Modeling},
  volume={40},
  number={2},
  pages={225--241},
  year={2018},
  publisher={Elsevier}
}

@article{esteves2015there,
  title={Is there a role for domestic demand pressure on export performance?},
  author={Esteves, Paulo Soares and Rua, Ant{\'o}nio},
  journal={Empirical Economics},
  volume={49},
  number={4},
  pages={1173--1189},
  year={2015},
  publisher={Springer}
}



@unpublished{esteves2013there,
  title={Is there a role for domestic demand pressure on export performance?},
  author={Esteves, Paulo Soares and Rua, Ant{\'o}nio},
  note={European Central Bank Discussion Paper nº 1594},
  year={2013}
}


@unpublished{hubrich2010trade,
  title={Trade consistency in the context of the eurosystem projection exercises: an overview},
  author={Hubrich, Kirstin and Karlsson, Tohmas},
  note={European Central Bank Occasional Paper Series nº 108},
  year={2010}
}


@article{das2007market,
  title={Market entry costs, producer heterogeneity, and export dynamics},
  author={Das, Sanghamitra and Roberts, Mark J. and Tybout, James R.},
  journal={Econometrica},
  volume={75},
  number={3},
  pages={837--873},
  year={2007},
  publisher={Wiley Online Library}
}



@article{clerides1998learning,
  title={Is learning by exporting important? Micro-dynamic evidence from Colombia, Mexico, and Morocco},
  author={Clerides, Sofronis K. and Lach, Saul and Tybout, James R.},
  journal={The Quarterly Journal of Economics},
  volume={113},
  number={3},
  pages={903--947},
  year={1998},
  publisher={MIT Press}
}


@article{bugamelli2015domestic,
  title={Domestic and foreign sales: complements or substitutes?},
  author={Bugamelli, Matteo and Gaiotti, Eugenio and Viviano, Eliana},
  journal={Economics Letters},
  volume={135},
  issue={October},
  pages={46--51},
  year={2015},
  publisher={Elsevier}
}


@article{bobeica2016exports,
  title={Exports and domestic demand pressure: a dynamic panel data model for the euro area countries},
  author={Bobeica, Elena and Esteves, Paulo Soares and Rua, Ant{\'o}nio and Staehr, Karsten},
  journal={Review of World Economics},
  volume={152},
  number={1},
  pages={107--125},
  year={2016},
  publisher={Springer}
}


@article{berman2015export,
  title={Export dynamics and sales at home},
  author={Berman, Nicolas and Berthou, Antoine and H{\'e}ricourt, J{\'e}r{\^o}me},
  journal={Journal of International Economics},
  volume={96},
  number={2},
  pages={298--310},
  year={2015},
  publisher={Elsevier}
}


@article{aw2011r,
  title={{R\&{D} investment, exporting, and productivity dynamics}},
  author={Aw, Bee Yan and Roberts, Mark J. and Xu, Daniel Yi},
  journal={American Economic Review},
  volume={101},
  number={4},
  pages={1312--44},
  year={2011}
}


@incollection{altomonte2013firm,
  title={Firm-level productivity and exporting: diagnosing the role of financial constraints},
  author={Altomonte, C. and Sono, T. and Vandenbussche, H.},
  booktitle={Product Market Review},
  chapter={2},
  part={I},
  year={2013},
  pages={1--16}
  publisher={European Commission},
  address={Brussels}
}


@book{greene2017,
  title={Econometric Analysis},
  author={Greene, William H.},
  year={2017},
  edition = {8th},
  publisher={Pearson}
}


@article{arellano1991some,
  title={Some tests of specification for panel data: {Monte Carlo} evidence and an application to employment equations},
  author={Arellano, Manuel and Bond, Stephen},
  journal={The Review of Economic Studies},
  volume={58},
  number={2},
  pages={277--297},
  year={1991},
  publisher={Wiley-Blackwell}
}


@article{Blanchard2017por,
	title={Boom, slump, sudden stops, recovery, and policy options: Portugal and the Euro},
	author={Blanchard, Olivier and Portugal, Pedro},
	journal={Portuguese Economic Journal},
	volume={16},
	number={3},
	pages={149-168},
	year={2017}
}

@book{Pisani-Ferry2013por,
	title={{EU-IMF} assistance to euro-area countries: an early assessment},
	author={Pisani-Ferry, Jean and Sapir, André and Wolff, G.},
	publisher={Bruegel Blueprint},
  address={Bruegel},
	volume={XIX},
	year={2013}
}	


@article{AhnMcQuoid2017,
	title={Capacity Constrained exporters: identifying increasing marginal cost},
	author={Ahn, JaeBin and McQuoid, Alexander F.},
	journal={Economic Inquiry},
	volume={55},
	number={3},
	pages={1175--1191},
	year={2017}
}

@article{BlumClaroHorstmann2013,
	title={Occasional vs Perennial Exporters},
	author={Blum, B., Claro, S. and Horstmann, I.},
	journal={Journal of International Economics},
	volume={90},
	number={1},
	pages={65--74},
	year={2013}
}

@book{ine2018scie,
  title={Sistema de Contas Integradas das Empresas (SCIE)},
  author={{INE, Statistics Portugal}},
  year={2018},
  publisher={Instituto Nacional de Estatística: Lisboa}
}

@book{ine2018ci,
  title={Comércio Internacional (CI)},
  author={{INE, Statistics Portugal}},
  year={2018},
  publisher={Instituto Nacional de Estatística: Lisboa}
}

@book{comtrade2018,
  title={{Commodity Trade Statistics Database (COMTRADE)}},
  author={{United Nations Statistics Division}},
  year={2018},
  publisher={United Nations: New York}
}

@incollection{egger2015panel,
	title={Panel Data Gravity Models of International Trade},
	author={Egger, Peter and Baltagi, Badi H. and Pfaffermayr, Michael},
	booktitle={The Oxford Handbook of Panel Data},
	pages={608--641},
	year={2015},
	publisher={Oxford University Press}
}

@book{baci2018,
  title={{Base pour l'Analyse du Commerce International (BACI)}},
  author={CEPII},
  year={2018},
  publisher={{Centre d’études prospectives et d’informations internationales: Paris}}
}

@article{arellano1995another,
  title={Another look at the instrumental variable estimation of error-components models},
  author={Arellano, Manuel and Bover, Olympia},
  journal={Journal of Econometrics},
  volume={68},
  number={1},
  pages={29--51},
  year={1995},
  publisher={Elsevier}
}


@book{arellano2003panel,
  title={Panel data econometrics},
  author={Arellano, Manuel},
  year={2003},
  publisher={Oxford University Press}
}


@article{bb98,
  title={Initial conditions and moment restrictions in dynamic panel data models},
  author={Blundell, Richard and Bond, Stephen},
  journal={Journal of Econometrics},
  volume={87},
  number={1},
  pages={115--143},
  year={1998},
  publisher={Elsevier}
}



@article{windmeijer2005finite,
  title={A finite sample correction for the variance of linear efficient two-step GMM estimators},
  author={Windmeijer, Frank},
  journal={Journal of Econometrics},
  volume={126},
  number={1},
  pages={25--51},
  year={2005},
  publisher={Elsevier}
}

@article{roodman2009xtabond2,
  title={How to do xtabond2: An introduction to difference and system {GMM} in {S}tata},
  author={Roodman, D},
  journal={Stata Journal},
  volume={9},
  number={1},
  pages={86--136},
  year={2009}
}


@book{verbeek2012guide,
  title={A guide to modern econometrics},
  author={Verbeek, Marno},
  year={2012},
  publisher={John Wiley \& Sons},
  edition = {4}
}

@article{baum2001residual,
  title={Residual diagnostics for cross-section time series regression models},
  author={Baum, Christopher F},
  journal={The Stata Journal},
  volume={1},
  number={1},
  pages={101--104},
  year={2001},
  publisher={College Station}
}

