@article{solow1952structure,
  title={On the structure of linear models},
  author={Solow, Robert},
  journal={Econometrica},
  volume={20},
  number={1},
  pages={29--46},
  year={1952}
}
