@article{solow1952structure,
  title={On the structure of linear models},
  author={Solow, Robert},
  journal={Econometrica},
  volume={20},
  number={1},
  pages={29--46},
  year={1952}
}

@article{MacFarlane,
  title={{Pandoc User’s Guide}},
  author={John MacFarlane},
  journal={Link: https://pandoc.org/MANUAL.pdf},
  year={2020}
}


@unpublished{queiro2018,
  title={Entrepreneurial Human Capital and Firm Dynamics},
  author={Queiró, Francisco},
  year={2018},
  note={GEE Papers No. 116}
}


@unpublished{ine2018a,
  title={Quadros de Pessoal},
  author={{INE}},
  year={2018},
  note={Instituto Nacional de Estatística (Statistics Portugal), Lisboa}
}

@book{bdpPEG2019,
  title={Portuguese economic growth: a view on structural features, blockages and reforms},
  author={Banco de Portugal},
  year={2019},
  publisher={Banco de Portugal},
  address={Lisbon}
}

@article{lucas1978size,
  title={On the size distribution of business firms},
  author={Lucas, Robert E.},
  journal={The Bell Journal of Economics},
  pages={508--523},
  volume={9},
  number={2},
  year={1978},
  publisher={JSTOR}
}


@unpublished{bloom2016management,
  title={Management as a Technology?},
  author={Bloom, Nicholas and Sadun, Raffaella and Van Reenen, John},
  year={2016},
  note={NBER Working Paper No. 22327}
}

@article{reis2013portuguese,
  title={{The Portuguese slump and crash and the euro crisis}},
  author={Reis, Ricardo},
  journal={Brookings Papers on Economic Activity},
  volume={46},
  number={1},
  pages={143--210},
  year={2013}
}


