
@book{wooldridge2015introductory,
  title={Introductory econometrics: A modern approach},
  author={Wooldridge, Jeffrey M},
  year={2015},
  publisher={Cengage Learning},
  edition={6}
}


@book{verbeek2012,
  title={A guide to modern econometrics},
  author={Verbeek, Marno},
  year={2012},
  publisher={John Wiley \& Sons},
  edition={4}
}

@book{greene2017,
  title={Econometric Analysis},
  author={Greene, William H},
  year={2017},
  edition = {8th},
  publisher={Pearson}
}


@book{acemoglu2016,
  title={Economics},
  author={Daron Acemoglu and David Laibson and John A. List},
  year={2016},
  publisher={Pearson}
}


@article{harmon2003returns,
  title={The returns to education: Microeconomics},
  author={Harmon, Colm and Oosterbeek, Hessel and Walker, Ian},
  journal={Journal of Economic Surveys},
  volume={17},
  number={2},
  pages={115--156},
  year={2003},
  publisher={Wiley Online Library}
}


@article{robeyns2003sen,
  title={Sen's capability approach and gender inequality: selecting relevant capabilities},
  author={Robeyns, Ingrid},
  journal={Feminist economics},
  volume={9},
  number={2-3},
  pages={61--92},
  year={2003},
  publisher={Taylor \& Francis}
}

